<?xml version="1.0" encoding="UTF-8"?>
  <record xmlns="http://www.loc.gov/MARC21/slim" type="Authority">
    <leader>00000nz  a2200000oc 4500</leader>
    <controlfield tag="001">142263818</controlfield>
    <controlfield tag="003">DE-101</controlfield>
    <controlfield tag="005">20100908115312.0</controlfield>
    <controlfield tag="008">100908n||aznnnaabn           | aaa    |c</controlfield>
    <datafield tag="024" ind1="7" ind2=" ">
      <subfield code="a">142263818</subfield>
      <subfield code="0">http://d-nb.info/gnd/142263818</subfield>
      <subfield code="2">gnd</subfield>
    </datafield>
    <datafield tag="035" ind1=" " ind2=" ">
      <subfield code="a">(DE-101)142263818</subfield>
    </datafield>
    <datafield tag="035" ind1=" " ind2=" ">
      <subfield code="a">(DE-588)142263818</subfield>
    </datafield>
    <datafield tag="035" ind1=" " ind2=" ">
      <subfield code="z">(DE-588a)142263818</subfield>
      <subfield code="9">v:zg</subfield>
    </datafield>
    <datafield tag="040" ind1=" " ind2=" ">
      <subfield code="a">DE-7</subfield>
      <subfield code="c">DE-7</subfield>
      <subfield code="9">r:DE-12</subfield>
      <subfield code="b">ger</subfield>
      <subfield code="d">0007</subfield>
    </datafield>
    <datafield tag="042" ind1=" " ind2=" ">
      <subfield code="a">gnd3</subfield>
    </datafield>
    <datafield tag="043" ind1=" " ind2=" ">
      <subfield code="c">XA-DE</subfield>
    </datafield>
    <datafield tag="075" ind1=" " ind2=" ">
      <subfield code="b">p</subfield>
      <subfield code="2">gndgen</subfield>
    </datafield>
    <datafield tag="075" ind1=" " ind2=" ">
      <subfield code="b">piz</subfield>
      <subfield code="2">gndspec</subfield>
    </datafield>
    <datafield tag="079" ind1=" " ind2=" ">
      <subfield code="a">g</subfield>
      <subfield code="q">a</subfield>
      <subfield code="q">f</subfield>
    </datafield>
    <datafield tag="100" ind1="1" ind2=" ">
      <subfield code="a">Hartranfft von Felshart, Anna Jacobe</subfield>
      <subfield code="d">1605-1676</subfield>
    </datafield>
    <datafield tag="375" ind1=" " ind2=" ">
      <subfield code="a">2</subfield>
      <subfield code="2">iso5218</subfield>
    </datafield>
    <datafield tag="400" ind1="1" ind2=" ">
      <subfield code="a">Hartranft von Felshart, Anna Jacobe</subfield>
      <subfield code="d">1605-1676</subfield>
    </datafield>
    <datafield tag="400" ind1="1" ind2=" ">
      <subfield code="a">Hartranfft von Felßhart, Anna Jacobe</subfield>
      <subfield code="d">1605-1676</subfield>
    </datafield>
    <datafield tag="400" ind1="1" ind2=" ">
      <subfield code="a">Hartranft von Felßhart, Anna Jacobe</subfield>
      <subfield code="d">1605-1676</subfield>
    </datafield>
    <datafield tag="400" ind1="1" ind2=" ">
      <subfield code="a">Felshart, Anna Jacobe Hartranfft &#152;von&#156;</subfield>
      <subfield code="d">1605-1676</subfield>
    </datafield>
    <datafield tag="400" ind1="1" ind2=" ">
      <subfield code="a">Felshart, Anna Jacobe Hartranft &#152;von&#156;</subfield>
      <subfield code="d">1605-1676</subfield>
    </datafield>
    <datafield tag="400" ind1="1" ind2=" ">
      <subfield code="a">Hartranfft, Anna Jacobe von Felshart</subfield>
      <subfield code="d">1605-1676</subfield>
    </datafield>
    <datafield tag="400" ind1="1" ind2=" ">
      <subfield code="a">Hartranft, Anna Jacobe von Felshart</subfield>
      <subfield code="d">1605-1676</subfield>
    </datafield>
    <datafield tag="400" ind1="1" ind2=" ">
      <subfield code="a">Felßhart, Anna Jacobe Hartranfft &#152;von&#156;</subfield>
      <subfield code="d">1605-1676</subfield>
    </datafield>
    <datafield tag="400" ind1="1" ind2=" ">
      <subfield code="a">Felßhart, Anna Jacobe Hartranft &#152;von&#156;</subfield>
      <subfield code="d">1605-1676</subfield>
    </datafield>
    <datafield tag="400" ind1="1" ind2=" ">
      <subfield code="a">Hartranfft, Anna Jacobe von Felßhart</subfield>
      <subfield code="d">1605-1676</subfield>
    </datafield>
    <datafield tag="400" ind1="1" ind2=" ">
      <subfield code="a">Hartranft, Anna Jacobe von Felßhart</subfield>
      <subfield code="d">1605-1676</subfield>
    </datafield>
    <datafield tag="400" ind1="1" ind2=" ">
      <subfield code="a">Hartranfft, Anna Jacobe &#152;von&#156;</subfield>
      <subfield code="d">1605-1676</subfield>
    </datafield>
    <datafield tag="400" ind1="1" ind2=" ">
      <subfield code="a">Hartranfft, Anna Jacobe</subfield>
      <subfield code="d">1605-1676</subfield>
    </datafield>
    <datafield tag="400" ind1="1" ind2=" ">
      <subfield code="a">Hartranft, Anna Jacobe &#152;von&#156;</subfield>
      <subfield code="d">1605-1676</subfield>
    </datafield>
    <datafield tag="400" ind1="1" ind2=" ">
      <subfield code="a">Hartranft, Anna Jacobe</subfield>
      <subfield code="d">1605-1676</subfield>
    </datafield>
    <datafield tag="400" ind1="1" ind2=" ">
      <subfield code="a">Felshart, Anna Jacobe &#152;von&#156;</subfield>
      <subfield code="d">1605-1676</subfield>
    </datafield>
    <datafield tag="400" ind1="1" ind2=" ">
      <subfield code="a">Felshart, Anna Jacobe</subfield>
      <subfield code="d">1605-1676</subfield>
    </datafield>
    <datafield tag="400" ind1="1" ind2=" ">
      <subfield code="a">Felßhart, Anna Jacobe &#152;von&#156;</subfield>
      <subfield code="d">1605-1676</subfield>
    </datafield>
    <datafield tag="400" ind1="1" ind2=" ">
      <subfield code="a">Felßhart, Anna Jacobe</subfield>
      <subfield code="d">1605-1676</subfield>
    </datafield>
    <datafield tag="400" ind1="1" ind2=" ">
      <subfield code="a">Roth von Baumgart, Anna Jacobe</subfield>
      <subfield code="d">1605-1676</subfield>
      <subfield code="4">nafr</subfield>
      <subfield code="4">https://d-nb.info/standards/elementset/gnd#EarlierNameOfThePerson</subfield>
      <subfield code="w">r</subfield>
      <subfield code="i">Frueherer Name</subfield>
      <subfield code="e">Frueherer Name</subfield>
    </datafield>
    <datafield tag="400" ind1="1" ind2=" ">
      <subfield code="a">Rothin von Baumgart, Anna Jacobe</subfield>
      <subfield code="d">1605-1676</subfield>
    </datafield>
    <datafield tag="400" ind1="1" ind2=" ">
      <subfield code="a">Baumgart, Anna Jacobe Roth &#152;von&#156;</subfield>
      <subfield code="d">1605-1676</subfield>
    </datafield>
    <datafield tag="400" ind1="1" ind2=" ">
      <subfield code="a">Baumgart, Anna Jacobe Rothin &#152;von&#156;</subfield>
      <subfield code="d">1605-1676</subfield>
    </datafield>
    <datafield tag="400" ind1="1" ind2=" ">
      <subfield code="a">Roth, Anna Jacobe von Baumgart</subfield>
      <subfield code="d">1605-1676</subfield>
    </datafield>
    <datafield tag="400" ind1="1" ind2=" ">
      <subfield code="a">Rothin, Anna Jacobe von Baumgart</subfield>
      <subfield code="d">1605-1676</subfield>
    </datafield>
    <datafield tag="400" ind1="1" ind2=" ">
      <subfield code="a">Roth, Anna Jacobe &#152;von&#156;</subfield>
      <subfield code="d">1605-1676</subfield>
    </datafield>
    <datafield tag="400" ind1="1" ind2=" ">
      <subfield code="a">Roth, Anna Jacobe</subfield>
      <subfield code="d">1605-1676</subfield>
    </datafield>
    <datafield tag="400" ind1="1" ind2=" ">
      <subfield code="a">Rothin, Anna Jacobe &#152;von&#156;</subfield>
      <subfield code="d">1605-1676</subfield>
    </datafield>
    <datafield tag="400" ind1="1" ind2=" ">
      <subfield code="a">Rothin, Anna Jacobe</subfield>
      <subfield code="d">1605-1676</subfield>
    </datafield>
    <datafield tag="400" ind1="1" ind2=" ">
      <subfield code="a">Baumgart, Anna Jacobe &#152;von&#156;</subfield>
      <subfield code="d">1605-1676</subfield>
    </datafield>
    <datafield tag="400" ind1="1" ind2=" ">
      <subfield code="a">Baumgart, Anna Jacobe</subfield>
      <subfield code="d">1605-1676</subfield>
    </datafield>
    <datafield tag="500" ind1="1" ind2=" ">
      <subfield code="0">(DE-101)121385353</subfield>
      <subfield code="0">(DE-588)121385353</subfield>
      <subfield code="0">https://d-nb.info/gnd/121385353</subfield>
      <subfield code="a">Hartranfft von Felshart, Zacharias</subfield>
      <subfield code="4">bezf</subfield>
      <subfield code="4">https://d-nb.info/standards/elementset/gnd#familialRelationship</subfield>
      <subfield code="w">r</subfield>
      <subfield code="i">Beziehung familiaer</subfield>
      <subfield code="e">Beziehung familiaer</subfield>
      <subfield code="9">v:Ehemann</subfield>
    </datafield>
    <datafield tag="548" ind1=" " ind2=" ">
      <subfield code="a">1605-1676</subfield>
      <subfield code="4">datl</subfield>
      <subfield code="4">https://d-nb.info/standards/elementset/gnd#dateOfBirthAndDeath</subfield>
      <subfield code="w">r</subfield>
      <subfield code="i">Lebensdaten</subfield>
    </datafield>
    <datafield tag="551" ind1=" " ind2=" ">
      <subfield code="0">(DE-101)040763102</subfield>
      <subfield code="0">(DE-588)4076310-9</subfield>
      <subfield code="0">https://d-nb.info/gnd/4076310-9</subfield>
      <subfield code="a">Prag</subfield>
      <subfield code="4">ortg</subfield>
      <subfield code="4">https://d-nb.info/standards/elementset/gnd#placeOfBirth</subfield>
      <subfield code="w">r</subfield>
      <subfield code="i">Geburtsort</subfield>
    </datafield>
    <datafield tag="667" ind1=" " ind2=" ">
      <subfield code="a">VD-17</subfield>
    </datafield>
    <datafield tag="672" ind1=" " ind2="0">
      <subfield code="a">Römer, Daniel: Hartranfftisches Seelen-Kleinod. - 1677</subfield>
    </datafield>
    <datafield tag="678" ind1=" " ind2=" ">
      <subfield code="b">Ehefrau des Bautzener Stifts-Syndikus Zacharias Hartranfft von Felshart</subfield>
    </datafield>
    <datafield tag="913" ind1=" " ind2=" ">
      <subfield code="S">pnd</subfield>
      <subfield code="i">a</subfield>
      <subfield code="a">Hartranfft von Felshart, Anna Jacobe</subfield>
      <subfield code="0">(DE-588a)142263818</subfield>
    </datafield>
  </record>
